<record><leader>00000cas a22000007a 4500</leader><controlfield tag="001">24562384</controlfield><controlfield tag="008">911015d18971900ncudn ne      0    0eng d</controlfield><datafield ind1=" " ind2=" " tag="010"><subfield code="a">sn 91068383 </subfield></datafield><datafield ind1=" " ind2=" " tag="040"><subfield code="a">NVJ</subfield><subfield code="b">eng</subfield><subfield code="c">NVJ</subfield><subfield code="d">NVK</subfield><subfield code="d">OCLCQ</subfield><subfield code="d">OCLCF</subfield><subfield code="d">OCLCO</subfield></datafield><datafield ind1=" " ind2=" " tag="042"><subfield code="a">msc</subfield></datafield><datafield ind1=" " ind2=" " tag="043"><subfield code="a">n-us-nc</subfield></datafield><datafield ind1="0" ind2="0" tag="245"><subfield code="a">Greensboro evening telegram.</subfield></datafield><datafield ind1="1" ind2="3" tag="246"><subfield code="a">Evening telegram</subfield></datafield><datafield ind1=" " ind2=" " tag="260"><subfield code="a">Greensboro, N.C. :</subfield><subfield code="b">Telegram Pub. Co.</subfield></datafield><datafield ind1=" " ind2=" " tag="300"><subfield code="a">v.</subfield></datafield><datafield ind1=" " ind2=" " tag="310"><subfield code="a">Daily (except Sunday)</subfield></datafield><datafield ind1="0" ind2=" " tag="362"><subfield code="a">Vol. 1, no. 1 (July 31, 1897)-v. 6, no. 9 [i.e. 96] (May 267 [i.e. 26], 1900).</subfield></datafield><datafield ind1=" " ind2=" " tag="500"><subfield code="a">Issues for May 10, 1900-May 26, 1900 have title: Evening telegram.</subfield></datafield><datafield ind1=" " ind2="0" tag="651"><subfield code="a">Greensboro (N.C.)</subfield><subfield code="v">Newspapers.</subfield></datafield><datafield ind1=" " ind2="7" tag="655"><subfield code="a">Newspapers.</subfield><subfield code="2">fast</subfield><subfield code="0">(OCoLC)fst01423814</subfield></datafield><datafield ind1=" " ind2="7" tag="651"><subfield code="a">North Carolina</subfield><subfield code="z">Greensboro.</subfield><subfield code="2">fast</subfield><subfield code="0">(OCoLC)fst01205296</subfield></datafield><datafield ind1=" " ind2=" " tag="752"><subfield code="a">United States</subfield><subfield code="b">North Carolina</subfield><subfield code="c">Guilford</subfield><subfield code="d">Greensboro.</subfield></datafield><datafield ind1="0" ind2="0" tag="785"><subfield code="t">Greensboro telegram</subfield><subfield code="w">(DLC)sn 91068384</subfield></datafield></record>